@mastersthesis{Xiangmin2015research,
  title={Research on Barcode Recognition Technology In a Complex Background},
  author={Xiangmin, Wang},
  year={2015},
  school={Huazhong University of Science and Technology}
}

@article{bazen2002systematic,
  title={Systematic methods for the computation of the directional fields and singular points of fingerprints},
  author={Bazen, Asker M and Gerez, Sabih H},
  journal={IEEE transactions on pattern analysis and machine intelligence},
  volume={24},
  number={7},
  pages={905--919},
  year={2002},
  publisher={IEEE}
}

@article{kass1987analyzing,
  title={Analyzing oriented patterns},
  author={Kass, Michael and Witkin, Andrew},
  journal={Computer vision, graphics, and image processing},
  volume={37},
  number={3},
  pages={362--385},
  year={1987},
  publisher={Elsevier}
}
